%NEED to find a report or article that states there is some percentage of boron in the 

@BOOK{fundamentals,
	author = "J. Kenneth Shultis and Richard E. Faw",
	title = "{F}undamentals of Nuclear Science and Engineering",
	publisher = "Taylor \& Francis Group",
	year = "2008",
	address = "6000 Broken Sound Parkway NW, Suit 300, Boca raton, FL 33487"
}

@BOOK{lewis,
  title={Computational methods of neutron transport},
  author={Lewis, Elmer Eugene and Miller, Warren F},
  year={1984},
  publisher={John Wiley and Sons, Inc., New York, NY}
}

@BOOK{shultis_mc,
    author = "J.K. Shultis and W.L. Dunn",
    title = "{E}xploring {M}onte {C}arlo {M}ethods",
    publisher = "Academic Press",
    address = "Burlington, MA 01803",
    year = "2012"
}


@MastersTHESIS{jake,
    author = "J.R. Peterson",
    title = "{E}xponentially {C}onvergent {M}onte {C}arlo for the 1-D {T}ransport    {E}quation",
    school = "Texas A\&M",
    year = "2014"
}

@PHDTHESIS{wolters,
    author = "E.R. Wolters",
    title = "Hybrid Monte Carlo - Deterministic Neutron Transport Methods Using
        Nonlinear Functionals",
    school = "Michigan",
    year = "2011"
}

@INPROCEEDINGS{wla,
    author = "T.A. Wareing and E.W. Larsen and M.L. Adams",
    title  = "{Asymptotic Diffusion Accelerated Discontinuous Finite Element Schemes
        for the S$_N$ Equations in Slab and X-Y Geometries}",
    booktitle = "{International Topical Meeting on Advances in Mathematics,
    Computations, Reactor Physics}",
    address = "Pittsburgh, PA",
    volume = "3",
    year = "1991"
}

@PHDTHESIS{wla_thesis,
    author = "T.A. Wareing",
    title  = "{Asymptotic diffusion accelerated discontinuous finite element methods for
        transport problems}",
    school = "Michigan",
    year = "1991"
}


@unpublished{jake_mnc,
    author = "J.R. Peterson and J.E. Morel and J.C. Ragusa",
    title = "{E}xponentially {C}onvergent {M}onte {C}arlo for the 1-D {T}ransport {E}quation",
    note = "{M\&C}",
    address = "Sun Valley, ID",
    date = "May 5-9",
    year = 2013
}

@inproceedings{ans_2014,
    author = "S.R. Bolding and J.E. Morel",
    title = "{A High-Order Low-Order Algorithm with Exponentially-Convergent Monte
               Carlo for $k$-Eigenvalue problems}",
    address = "ANS Winter Meeting. Anaheim, CA",
    date = "Nov 9-13",
    year = "2014"
}

@inproceedings{holo_rh,
    author = {Allan B. Wollaber and H. Park and R.B. Lowrie and R.M. Rauenzahn and
        M.E. Cleveland},
    title = {Radiation Hydrodynamics with a High-Order, Low-Order Method},
    booktitle = {ANS Topical Meeting, International Topical Meeting on Mathematics
        and Computation},
    address = {Nashville Tennessee},
    year = {2015}
}




@article{teleportation,
  title={Comparison of implicit and symbolic implicit Monte Carlo line transport with frequency weight vector extension},
  author={McKinley, Michael Scott and Brooks III, Eugene D and Szoke, Abraham},
  journal={Journal of Computational Physics},
  volume={189},
  number={1},
  pages={330--349},
  year={2003}
}

@article{iimc_gentile,
    author = {N. A. Gentile and Ben C. Yee},
    title = {Iterative Implicit Monte Carlo},
    journal = {Journal of Computational and Theoretical Transport},
    volume = {0},
    number = {0},
    pages = {1-31},
    year = {0}
}

@article{simc,
    author = {Eugene D. Brooks III and Abraham Szőke and Jayson D.L. Peterson},
    title = {``Piecewise linear discretization of Symbolic Implicit Monte Carlo
        radiation transport in the difference formulation ''},
    year = {2006},
    journal = {``Journal of Computational Physics ''},
    volume = {"220"},
    number = "1",
    pages = {471 - 497}
}

@article{simc_const,
    title = "Symbolic implicit Monte Carlo radiation transport in the difference formulation: a piecewise constant discretization ",
    journal = "Journal of Computational Physics ",
    volume = "205",
    number = "2",
    pages = "737 - 754",
    year = "2005",
    author = "Eugene D. Brooks III and Michael Scott McKinley and Frank Daffin and Abraham Szöke"
}


@article{diff_limit_imc,
title = "Asymptotic analysis of the spatial discretization of radiation absorption and re-emission in Implicit Monte Carlo ",
journal = "Journal of Computational Physics ",
volume = "230",
number = "4",
pages = "1116 - 1133",
year = "2011",
author = "Jeffery D. Densmore"
}



@article{wollaber2013discrete,
  title={A Discrete Maximum Principle for the Implicit Monte Carlo Equations},
  author={Wollaber, Allan B and Larsen, Edward W and Densmore, Jeffery D},
  journal={Nuclear Science and Engineering},
  volume={173},
  number={3},
  pages={259--275},
  year={2013},
  publisher={American Nuclear Society, Inc., 555 N. Kensington Ave. La Grange Park IL 60525 United States}
}


@article{ddmc,
  title={A hybrid transport-diffusion Monte Carlo method for frequency-dependent radiative-transfer simulations},
  author={Densmore, Jeffery D and Thompson, Kelly G and Urbatsch, Todd J},
  journal={Journal of Computational Physics},
  volume={231},
  number={20},
  pages={6924--6934},
  year={2012},
  publisher={Elsevier}
}

@article{imd,
  title={Implicit Monte Carlo diffusion: An acceleration method for Monte Carlo time-dependent radiative transfer simulations},
  author={Gentile, NA},
  journal={Journal of Computational Physics},
  volume={172},
  number={2},
  pages={543--571},
  year={2001},
  publisher={Elsevier}
}

@article{jarrod,
  title = {Nonlinear variants of the the TR/BDF2 method for thermal radiative
      diffusion},
  author = {Edwards, JD and Morel, J. E. and Knoll, Dana A.},
  journal = {Journal of Computational Physics},
  volume = {230},
  number = {4},
  pages = {1198--1214},
  year = {2011},
  publisher = {Elsevier}
}

@article{fnc,
    author = {Fleck,Jr., J. A. and Cummings,Jr., J. D.},
    title = {An Implicit Monte Carlo Scheme for Calculating Time and Frequency Dependent Nonlinear Radiation Transport},
    journal = {J. Comput. Phys.},
    volume = {8},
    number = {3},
    month = dec,
    year = {1971},
    pages = {313--342},
} 

@inproceedings{willert,
    author = "J. Willert and C.T. Kelly and D.A. Knoll and H. Park",
    title = "{A Hybrid Approach to the Neutron Transport k-Eigenvalue Problem using
        NDA-based Algorithms}",
    address = "M\&C. Sun Valley, ID",
    date = "May 5-9",
    year = 2013
}

@article{rmc,
    title = "Residual Monte Carlo High-order Solver for Moment-Based Accelerated Thermal Radiative Transfer Equations ",
    journal = "Journal of Computational Physics ",
    volume = "276",
    pages = "405 - 421",
    year = "2014",
    author = "Jeffrey Willert and H. Park"
}
@inproceedings{park,
    author = "H. Park and J.D. Densmore and A.B. Wollaber and D.A. Knoll and  R.M. Ramenzahn",
    title = "{Monte Carlo Solution Methods in a Moment-Based Scale-Bridging Algorithm
        For Thermal Radiative Transfer Problems}",
    address = "M\&C. Sun Valley, ID",
    date = "May 5-9",
    year = 2013
}
@article{morel_newton,
    author = "J.E. Morel and T.A. Wareing and K. Smith",
    title = "{Linear-Discontinuous Spatial Differencing Scheme for $S_n$
    Radiative Transfer Calculations}",
    journal = "Journal of Computational Physics", 
    year = "1996",
    pages = "445--462",
    volume = 128
}

@article{warsa_dsa,
    author = {Warsa, JS and Wareing, TA and Morel, JE},
    journal = {NUCLEAR SCIENCE AND ENGINEERING},
    Keywords = {NUCLEAR SCIENCE & TECHNOLOGY},
    number = {3},
    pages = {236 - 251},
    title = {Fully consistent diffusion synthetic acceleration of linear discontinuous S-N transport discretizations on unstructured tetrahedral meshes.},
    volume = {141},
    year = {2002},
}

@article{larson_morel_sn,
    title   = "Advances in discrete-ordinates methodology",
    journal = "Nuclear Computational Science. Springer Netherlands",
    pages   = "1-–84",
    year    = "2010",
    author  = "{Edward W. Larsen and Jim E. Morel}"
}

@ARTICLE{nka,
  author= {{Calef}, M.~T. and {Fichtl}, E.~D. and {Warsa}, J.~S. and {Berndt}, M. and 
        {Carlson}, N.~N.},
  title = "{Nonlinear Krylov Acceleration Applied to a Discrete Ordinates
           Formulation of the k-Eigenvalue Problem}",
  journal = {ArXiv e-prints},
  archivePrefix = "arXiv",
  eprint = {1112.3568},
  primaryClass = "physics.comp-ph",
  keywords = {Physics - Computational Physics},
  year = 2011,
  month = dec
}  
                   
@unpublished{jayenne,
    author = "T.J. Urbatsch and T.M. Evans",
    title = "{Milagro Version 2 An Implicit Monte Carlo Code for Thermal Radiative
        Transfer: Capabilities, Development, and Usage}",
    note = "Los Alamos National Laboratory Report LA-14195-MS",
    year = "2006"
}

@article{sood,
  title={Analytical benchmark test set for criticality code verification},
  author={Sood, Avneet and Forster, R Arthur and Kent Parsons, D},
  journal={Progress in Nuclear Energy},
  volume={42},
  number={1},
  pages={55--106},
  year={2003},
  publisher={Elsevier}
}

%    booktitle = "International Conference on Mathematics and Computational Methods
%   Applied to Nuclear Science \& Engineering",

